@INPROCEEDINGS{5784234,
  author={Hayes, Darren R. and Grossman, Fred and Knapp, Constance and Rising, Linda},
  booktitle={2011 IEEE Long Island Systems, Applications and Technology Conference}, 
  title={The impact of project retrospectives on process improvement initiatives: A case study}, 
  year={2011},
  volume={},
  number={},
  pages={1-7},
  doi={10.1109/LISAT.2011.5784234}}


@inproceedings{bjarnason2012evidence,
  title={Evidence-based timelines for agile project Retrospectives--A method proposal},
  author={Bjarnason, Elizabeth and Regnell, Bj{\"o}rn},
  booktitle={Agile Processes in Software Engineering and Extreme Programming: 13th International Conference, XP 2012, Malm{\"o}, Sweden, May 21-25, 2012. Proceedings 13},
  pages={177--184},
  year={2012},
  organization={Springer}
}


@article{papoutsakis2007sharing,
  title={Sharing knowledge in the organisation: A retrospective analysis and an empirical study},
  author={Papoutsakis, Haris},
  journal={Electronic Journal of Knowledge Management},
  volume={5},
  number={2},
  pages={pp229--242},
  year={2007}
}

@article{karlsson2006case,
  title={Case studies in process improvement through retrospective analysis of release planning decisions},
  author={Karlsson, Lena and Regnell, Bj{\"o}rn and Thelin, Thomas},
  journal={International Journal of Software Engineering and Knowledge Engineering},
  volume={16},
  number={06},
  pages={885--915},
  year={2006},
  publisher={World Scientific}
}

@article{nelson2008project,
  title={Project retrospectives: Evaluating project success, failure, and everything in between},
  author={Nelson, R Ryan},
  journal={MIS Quarterly Executive},
  volume={4},
  number={3},
  pages={5},
  year={2008}
}

@article{nelson2021project,
  title={IT project management: Lessons learned from project retrospectives 1999--2020},
  author={Nelson, R Ryan and others},
  journal={Foundations and Trends{\textregistered} in Information Systems},
  volume={4},
  number={4},
  pages={275--381},
  year={2021},
  publisher={Now Publishers, Inc.}
}

@inproceedings{bjarnason2012evidence,
  title={Evidence-based timelines for project retrospectivesâ€”A method for assessing requirements engineering in context},
  author={Bjarnason, Elizabeth and Svensson, Richard Berntsson and Regnell, Bj{\"o}rn},
  booktitle={2012 Second IEEE International Workshop on Empirical Requirements Engineering (EmpiRE)},
  pages={17--24},
  year={2012},
  organization={IEEE}
}